% Please make the format of any bib entries the same. Refer to mueller2016uav123
%
%

@inproceedings{WuLimYang13,
  Title = {{Online Object Tracking: A Benchmark}},
  Author = {Yi Wu and Jongwoo Lim and Ming-Hsuan Yang},
  Booktitle = {Proceedings of the IEEE International Conference on Computer Vision and Pattern Recognition},
  pages = {2411-2418},
  Year = {2013}
}

@inproceedings{krizhevsky2012imagenet,
  title={{ImageNet classification with deep convolutional neural networks}},
  author={Alex Krizhevsky and Ilya Sutskever and Geoffrey E Hinton},
  booktitle={Proceedings of Advances in Neural Information Processing Systems},
  pages={1097--1105},
  year={2012}
}

@InProceedings{DanelljanCVPR2017,
Title = {{ECO: Efficient Convolution Operators for Tracking}},
Author = {Martin Danelljan and Goutam Bhat and Fahad Shahbaz Khan and Michael Felsberg},
Booktitle = {Proceedings of the IEEE International Conference on Computer Vision and Pattern Recognition},
Year = {2017}
}

@article{mueller2017context,
  title={Context-Aware Correlation Filter Tracking},
  author={Matthias Mueller and Neil Smith and Bernard Ghanem},
booktitle = {Proceedings of the IEEE International Conference on Computer Vision and Pattern Recognition},
year = {2017}
}

@inproceedings{ma2015hierarchical,
  title={Hierarchical convolutional features for visual tracking},
  author={Chao Ma and Jia-Bin Huang and Xiaokang Yang and Ming-Hsuan Yang},
  booktitle={Proceedings of the IEEE International Conference on Computer Vision},
  pages={3074--3082},
  year={2015}
}

@inproceedings{danelljan2015convolutional,
  title={Convolutional features for correlation filter based visual tracking},
  author={Martin Danelljan and Gustav Hager and Fahad Shahbaz Khan and Michael Felsberg},
  booktitle={Proceedings of the IEEE International Conference on Computer Vision Workshops},
  pages={58--66},
  year={2015}
}

@article{smeulders2014survey,
 title = {Visual tracking: an experimental survey},
 author = {Arnold W.M. Smeulders and Dung M. Chu and Rita Cucchiara and Simone Calderara and Afshin Dehghan and Mubarak Shah},
 journal = {IEEE Transactions on Pattern Analysis and Machine Intelligence},
 volume = 36,
 number = 7,
 pages = {1442--1468},
 year = 2014
}

@inproceedings{hong2015multi,
  title={{Multi-store tracker (muster): A cognitive psychology inspired approach to object tracking}},
  author={Zhibin Hong and Zhe Che and Chaohui Wang and Xue Mei and Danil Prokhorov and Dacheng Tao},
  booktitle={Proceedings of the IEEE International Conference on Computer Vision and Pattern Recognition},
  pages={749--758},
  year={2015}
}

@book{thrun2005probabilistic,
  title={Probabilistic Robotics},
  author={Sebastian Thrun and Wolfram Burgard and Dieter Fox},
  year={2005},
  publisher={MIT press}
}

@inproceedings{held2016,
 title = {Learning to track at 100 FPS with deep regression networks},
 author = {David Held and Sebastian Thrun and Silvio Savarese},
 booktitle = {Proceedings of European Conference on Computer Vision},
 pages = {749-765},
 year = 2016
}

@inproceedings{nam2016,
 title = {Learning multi-domain convolutional neural networks for visual tracking},
 author = {Hyeonseob Nam and Bohyung Han},
 booktitle = {Proceedings of the IEEE International Conference on Computer Vision and Pattern Recognition},
 pages = {},
 year = 2016
}

@inproceedings{krizhevsky12,
 title = {ImageNet classification with deep convolutional neural networks},
 author = {Alex Krizhevsky and Ilya Sutskever and Geoffrey E. Hinton},
 booktitle = {Proceedings of Advances in Neural Information Processing Systems},
 pages = {},
 year = 2012
}

@article{giusti2015,
 title = {A machine learning approach to visual perception of forest trails for mobile robots},
 author = {Alessandro Giusti and Jerome Guzzi and Dan C. Ciresan and Fang-Lin He and Juan P. Rodriguez and Flavio Fontana and Matthias Faessler and Christian Forster and Jurgen Schmidhuber and Gianni Di Caro and Davide Scaramuzza and Luca M. Gambardella},
 journal = {IEEE Robotics and Automation Letter},
 volume = 1,
 number = 2,
 pages = {661-667},
 year = 2015
}

@inproceedings{wu2016quantized,
 title = {Quantized convolutional neural networks for mobile devices},
 author = {Jiaxiang Wu and Cong Leng and Yuhang Wang and Qinghao Hu and Jian Cheng},
 booktitle = {Proceedings of the IEEE International Conference on Computer Vision and Pattern Recognition},
 pages = {},
 year = 2016
}

@inproceedings{zhang2014meem,
 title = {MEEM: Robust tracking via multiple experts using entropy minimization},
 author = {Jianming Zhang and Shugao Ma and Stan Sclaroff},
 booktitle = {Proceedings of European Conference on Computer Vision},
 pages = {188-203},
 year = 2014
}

@inproceedings{mueller2016uav123,
 title = {A benchmark and simulator for uav tracking},
 author = {Matthias Mueller and Neil Smith and Bernard Ghanem},
 booktitle = {Proceedings of European Conference on Computer Vision},
 pages = {445--461},
 year = 2016
}

@article{gray2006toeplitz,
  title={Toeplitz and circulant matrices: a review},
  author={Robert M. Gray},
  journal={Foundations and Trends{\textregistered} in Communications and Information Theory},
  volume={2},
  number={3},
  pages={155--239},
  year={2006}
}

@article{van2009learning,
  title={Learning color names for real-world applications},
  author={Joost van De Weijer and Cordelia Schmid and Jakob Verbeek and Diane Larlus},
  journal={IEEE Transactions on Image Processing},
  volume={18},
  number={7},
  pages={1512--1523},
  year={2009}
}

@article{felzenszwalb2010object,
  title={Object detection with discriminatively trained part-based models},
  author={Pedro F. Felzenszwalb and Ross B. Girshick and David McAllester and Deva Ramanan},
  journal={IEEE Transactions on Pattern Analysis and Machine Intelligence},
  volume={32},
  number={9},
  pages={1627--1645},
  year={2010}
}

@inproceedings{zhang2014fast,
  title={Fast visual tracking via dense spatio-temporal context learning},
  author={Kaihua Zhang and Lei Zhang and Qingshan Liu and David Zhang and Ming-Hsuan Yang},
  booktitle={Proceedings of the European Conference on Computer Vision},
  pages={127--141},
  year={2014}
}

@inproceedings{hare2012efficient,
  title={Efficient online structured output learning for keypoint-based object tracking},
  author={Sam Hare and Amir Saffari and Philip H.S. Torr},
  booktitle={Proceedings of the IEEE International Conference on Computer Vision and Pattern Recognition},
  pages={1894--1901},
  year={2012}
}

@inproceedings{henriques2012exploiting,
  title={Exploiting the circulant structure of tracking-by-detection with kernels},
  author={Jo{\~a}o F. Henriques and Rui Caseiro and Pedro Martins and Jorge Batista},
  booktitle={Proceedings on European Conference on Computer Vision},
  pages={702--715},
  year={2012}
}

@inproceedings{santner2010prost,
  title={PROST: Parallel robust online simple tracking},
  author={Jakob Santner and Christian Leistner and Amir Saffari and Thomas Pock and Horst Bischof},
  booktitle={Proceedings of the IEEE International Conference on Computer Vision and Pattern Recognition},
  pages={723--730},
  year={2010},
  organization={IEEE}
}

@inproceedings{tang2015multi,
  title={Multi-kernel correlation filter for visual tracking},
  author={Ming Tang and Jiayi Feng},
  booktitle={Proceedings of the IEEE International Conference on Computer Vision},
  pages={3038--3046},
  year={2015}
}

@inproceedings{Choi_2016_CVPR,
  title={Visual tracking using attention-modulated disintegration and integration},
  author={Jongwon Choi and Hyung Jin Chang and Jiyeoup Jeong and Yiannia Demiris and Jin Young Choi},
  booktitle={Proceedings of the IEEE International Conference on Computer Vision and Pattern Recognition},
  pages={4321--4330},
  year={2016}
}

@article{simonyan2014very,
  author    = {Karen Simonyan and Andrew Zisserman},
  title     = {Very Deep Convolutional Networks for Large-Scale Image Recognition},
  year      = {2014},
  url       = {http://arxiv.org/abs/1409.1556},
  archivePrefix = {arXiv},
  eprint    = {1409.1556},
}

@article{akin2016deformable,
  title={Deformable part-based tracking by coupled global and local correlation filters},
  author={Osman Akin and Erkut Erdem and Aykut Erdem and Krystian Mikolajczyk},
  journal={Journal of Visual Communication and Image Representation},
  volume={38},
  pages={763--774},
  year={2016}
}

@inproceedings{ma2015long,
  title={Long-term correlation tracking},
  author={Chao Ma and Xiaokang Yang and Chongyang Zhang and Ming-Hsuan Yang},
  booktitle={Proceedings of the IEEE International Conference on Computer Vision and Pattern Recognition},
  pages={5388--5396},
  year={2015}
}

@inproceedings{de2015board,
  title={{On-board real-time tracking of pedestrians on a UAV}},
  author={Floris De Smedt and Dries Hulens and Toon Goedem{\'e}},
  booktitle={Proceedings of the IEEE International Conference on Computer Vision and Pattern Recognition Workshops},
  pages={1--8},
  year={2015}
}

@inproceedings{li2016monocular,
  title={Monocular long-term target following on uavs},
  author={Rui Li and Minjian Pang and Cong Zhao and Guyue Zhou and Lu Fang},
  booktitle={Proceedings of the IEEE International Conference on Computer Vision and Pattern Recognition Workshops},
  pages={29--37},
  year={2016}
}

@inproceedings{liu2015real,
  title={Real-time part-based visual tracking via adaptive correlation filters},
  author={Ting Liu and Gang Wang and Qingxiong Yang},
  booktitle={Proceedings of the IEEE International Conference on Computer Vision and Pattern Recognition},
  pages={4902--4912},
  year={2015}
}

@inproceedings{bibi2015multi,
  title={Multi-template scale-adaptive kernelized correlation filters},
  author={Adel Bibi and Bernard Ghanem},
  booktitle={Proceedings of the IEEE International Conference on Computer Vision Workshops},
  pages={50--57},
  year={2015}
}

@inproceedings{danelljan2014accurate,
	title = {Accurate Scale Estimation for Robust Visual Tracking},
	author = {Martin Danelljan and Gustav Häger and Fahad Shahbaz Khan and Michael Felsberg},
	year = {2014},
	booktitle = {Proceedings of the British Machine Vision Conference},
}

@inproceedings{galoogahi2013multi,
  title={Multi-channel correlation filters},
  author={Hamed Kiani Galoogahi and Terence Sim and Simon Lucey},
  booktitle={Proceedings of the IEEE International Conference on Computer Vision},
  pages={3072--3079},
  year={2013}
}

@inproceedings{DanelljanECCV2016,
  title={Beyond correlation filters: learning continuous convolution operators for visual tracking},
  author={Danelljan, Martin and Robinson, Andreas and Khan, Fahad Shahbaz and Felsberg, Michael},
  booktitle={Proceedings of European Conference on Computer Vision},
  pages={472--488},
  year={2016}
}

@inproceedings{li2014scale,
  title={A scale adaptive kernel correlation filter tracker with feature integration},
  author={Yang Li and Jianke Zhu},
  booktitle={Proceedings of European Conference on Computer Vision},
  pages={254--265},
  year={2014}
}

@inproceedings{zhang2012robust,
  title={Robust visual tracking via multi-task sparse learning},
  author={Tianzhu Zhang and Bernard Ghanem and Si Liu and Narendra Ahuja},
  booktitle={Proceedings of the IEEE International Conference on Computer Vision and Pattern Recognition},
  pages={2042--2049},
  year={2012}
}

@inproceedings{danelljan2015learning,
  title={Learning spatially regularized correlation filters for visual tracking},
  author={Martin Danelljan and Gustav Hager and Fahad Shahbaz Khan and Michael Felsberg},
  booktitle={Proceedings of the IEEE International Conference on Computer Vision},
  pages={4310--4318},
  year={2015}
}

@article{kalal2012tracking,
  title={Tracking-learning-detection},
  author={Zdenek Kalal and Krystian Mikolajczyk and Jiri Matas},
  journal={IEEE Transactions on Pattern Analysis and Machine Intelligence},
  volume={34},
  number={7},
  pages={1409--1422},
  year={2012}
}

@inproceedings{babenko2009visual,
  title={Visual tracking with online multiple instance learning},
  author={Boris Babenko and Ming-Hsuan Yang and Serge Belongie},
  booktitle={Proceedings of the IEEE Conference on Computer Vision and Pattern Recognition}, 
  pages={983--990},
  year={2009}
}

@inproceedings{bolme2010visual,
  title={Visual object tracking using adaptive correlation filters},
  author={David S. Bolme and J. Ross Beveridge and Bruce A. Draper and Yui Man Lui},
  booktitle={Proceedings of the IEEE International Conference on Computer Vision and Pattern Recognition},
  pages={2544--2550},
  year={2010}
}

@article{henriques2015high,
  title={High-speed tracking with kernelized correlation filters},
  author={Jo{\~a}o F. Henriques and Rui Caseiro and Pedro Martins and Jorge Batista},
  journal={IEEE Transactions on Pattern Analysis and Machine Intelligence},
  volume={37},
  number={3},
  pages={583--596},
  year={2015}
}